@article{michie1994machine,
  title={Machine learning, neural and statistical classification},
  author={Michie, Donald and Spiegelhalter, David J and Taylor, Charles C},
  year={1994},
  publisher={Citeseer}
}

@article{hearst1998support,
  title={Support vector machines},
  author={Hearst, Marti A. and Dumais, ST and Osman, E and Platt, John and Scholkopf, Bernhard},
  journal={Intelligent Systems and their Applications, IEEE},
  volume={13},
  number={4},
  pages={18--28},
  year={1998},
  publisher={IEEE}
}

@book{searle1987linear,
  title={Linear models for unbalanced data},
  author={Searle, Shayle R and Searle, SR},
  year={1987},
  publisher={Wiley New York}
}

@inproceedings{kononenko1991semi,
  title={Semi-naive Bayesian classifier},
  author={Kononenko, Igor},
  booktitle={Machine Learning—EWSL-91},
  pages={206--219},
  year={1991},
  organization={Springer}
}

@article{androutsopoulos2000evaluation,
  title={An evaluation of naive bayesian anti-spam filtering},
  author={Androutsopoulos, Ion and Koutsias, John and Chandrinos, Konstantinos V and Paliouras, George and Spyropoulos, Constantine D},
  journal={arXiv preprint cs/0006013},
  year={2000}
}

@inproceedings{martins2005language,
  title={Language identification in web pages},
  author={Martins, Bruno and Silva, M{\'a}rio J},
  booktitle={Proceedings of the 2005 ACM symposium on Applied computing},
  pages={764--768},
  year={2005},
  organization={ACM}
}

@inproceedings{pang2002thumbs,
  title={Thumbs up?: sentiment classification using machine learning techniques},
  author={Pang, Bo and Lee, Lillian and Vaithyanathan, Shivakumar},
  booktitle={Proceedings of the ACL-02 conference on Empirical methods in natural language processing-Volume 10},
  pages={79--86},
  year={2002},
  organization={Association for Computational Linguistics}
}

@inproceedings{perdisci2008mcboost,
  title={McBoost: Boosting scalability in malware collection and analysis using statistical classification of executables},
  author={Perdisci, Roberto and Lanzi, Andrea and Lee, Wenke},
  booktitle={Computer Security Applications Conference, 2008. ACSAC 2008. Annual},
  pages={301--310},
  year={2008},
  organization={IEEE}
}

@inproceedings{basu1998recommendation,
  title={Recommendation as classification: Using social and content-based information in recommendation},
  author={Basu, Chumki and Hirsh, Haym and Cohen, William and others},
  booktitle={AAAI/IAAI},
  pages={714--720},
  year={1998}
}

@article{linden2003amazon,
  title={Amazon. com recommendations: Item-to-item collaborative filtering},
  author={Linden, Greg and Smith, Brent and York, Jeremy},
  journal={Internet Computing, IEEE},
  volume={7},
  number={1},
  pages={76--80},
  year={2003},
  publisher={IEEE}
}

@misc{GooglePrediction:2013:Online,
  author = {Google},
  title = {Google Prediction API},
  year = {2013},
  url = {https://developers.google.com/prediction/}
}

@misc{NLTK:2013:Online,
  author = {Garrette, Dan and Ljunglöf, Peter},
  title = {Natural Language Toolkit},
  year = {2013},
  url = {http://nltk.org/}
}
